@misc{AtenCognifit,
author = {Cognifit.com},
title = {Atención - Proceso Cognitivo},
howpublished = {\url{https://www.cognifit.com/es/atencion}},
month = {},
year = {},
note = {(En línea, accedido el 02/12/2022)}
}

@misc{EmotionalNeeds,
author = {Lightningpath.org},
title = {The Seven Essential Human Needs – Basic Statement – The Socjourn},
howpublished = {\url{https://sociology.lightningpath.org/the-seven-essential-human-needs-basic-statement/}},
month = {},
year = {},
note = {(En línea, accedido el 02/12/2022)}
}

@misc{Recre1,
author = {Hočevar Ltd},
title = {The importance of recreational activities – FLEXOVITALIS},
howpublished = {\url{https://flexovitalis.com/en/the-meaning-of-recreation/}},
month = {},
year = {},
note = {(En línea, accedido el 02/12/2022)}
}

@misc{Recre2,
author = {},
title = {5 Reasons why Recreation is Important – getmasum.net},
howpublished = {\url{http://www.getmasum.net/5-reasons-why-recreation-is-important/}},
month = {agosto},
year = {2019},
note = {(En línea, accedido el 02/12/2022)}
}

@misc{Lec5,
author = {Damián Ochoa},
title = {Lección 5: Factores que determinan la atención},
howpublished = {\url{https://ecfm.usac.edu.gt/portal/mod/lesson/view.php?id=3910&pageid=18}},
month = {febrero},
year = {2022},
note = {(En línea, accedido el 02/12/2022)}
}

@article{LearnStyle,
  title={Learning styles: Concepts and evidence},
  author={Pashler, Harold and McDaniel, Mark and Rohrer, Doug and Bjork, Robert},
  journal={Psychological science in the public interest},
  volume={9},
  number={3},
  pages={105--119},
  year={2008},
  publisher={SAGE Publications Sage CA: Los Angeles, CA}
}