@misc{Ensayo,
author = {Jorge Rodríguez},
title = {Atención en una clase virtual de física},
month = {febrero},
year = {2022},
}

@misc{Texto,
author = {Desconocido},
title = {Texto que dejó Damián que sacó de algún libro},
month = {marzo},
year = {2022},
}