@misc{Electrom,
author = {},
title = {Electromagnetic tensor - Wikipedia},
howpublished = {\url{https://en.wikipedia.org/wiki/Electromagnetic_tensor}},
month = {},
year = {},
note = {(Accessed on 03/18/2022)}
}