@book{attix2008introduction,
  title={Introduction to Radiological Physics and Radiation Dosimetry},
  author={Attix, Frank Herbert},
  isbn={9783527617142},
  lccn={86013222},
  url={https://books.google.com.gt/books?id=WN8LTw3S5CEC},
  year={2008},
  publisher={Wiley}
}

@misc{XrayWiki44:online,
author = {Wikipedia},
title = {X-ray},
howpublished = {\url{https://en.wikipedia.org/wiki/X-ray}},
month = {abril},
day = {30},
year = {2022},
note = {Accedido el 05/03/2022}
}

@misc{Xrayfluo48:online,
author = {Wikipedia},
title = {X-ray fluorescence},
howpublished = {\url{https://en.wikipedia.org/wiki/X-ray_fluorescence}},
month = {abril},
day = {24},
year = {2022},
note = {Accedido el 05/03/2022}
}

@misc{Radiaci:online,
author = {Wikipedia},
title = {Radiaci√≥n de frenado},
howpublished = {\url{https://es.wikipedia.org/wiki/Radiaci%C3%B3n_de_frenado}},
month = {},
year = {},
note = {(Accessed on 05/04/2022)}
}

@misc{Xrayfilt39:online,
author = {Wikipedia},
title = {X-ray filter},
howpublished = {\url{https://en.wikipedia.org/wiki/X-ray_filter}},
month = {},
year = {},
note = {(Accessed on 05/04/2022)}
}